<?xml version="1.0" encoding="UTF-8"?><collection xmlns="http://www.loc.gov/MARC21/slim"><record><leader>00339nam--2200121-i-4500</leader><controlfield tag="001">000023031</controlfield><controlfield tag="002">20161230</controlfield><controlfield tag="005">20161230201034</controlfield><controlfield tag="008">060222s1000------------r-----000-0-eng-d</controlfield><datafield ind1=" " ind2=" " tag="080"><subfield code="a">614.876(016):621.039.58(016)</subfield></datafield><datafield ind1=" " ind2=" " tag="245"><subfield code="a">Indexed bibliography of current nucler safety literature</subfield></datafield><datafield ind1=" " ind2=" " tag="260"><subfield code="a">Oak Ridge, Tenn.,Ornl.,1969. 44p</subfield></datafield><datafield ind1=" " ind2=" " tag="852"><subfield code="a">D.1253</subfield></datafield></record></collection>